@ARTICLE{zhang_2019,
  author={Zhang, Peiying and Huang, Xingzhe and Li, Maozhen},
  journal={IEEE Access}, 
  title={{Disease Prediction and Early Intervention System Based on Symptom Similarity Analysis}}, 
  year={2019},
  volume={7},
  number={},
  pages={176484-176494},
  doi={10.1109/ACCESS.2019.2957816}}

@INPROCEEDINGS{sohn_2020,
  author={Sohn, Hyunwoo and Park, Kyungjin and Chi, Min},
  booktitle={2020 IEEE International Conference on Big Data (Big Data)}, 
  title={{MuLan: Multilevel Language-based Representation Learning for Disease Progression Modeling}}, 
  year={2020},
  volume={},
  number={},
  pages={1246-1255},
  doi={10.1109/BigData50022.2020.9377829}}

@article{burger_2021,
  title={{Natural language processing for cognitive therapy: Extracting schemas from thought records}},
  volume={16},
  url={https://journals.plos.org/plosone/article?id=10.1371/journal.pone.0257832},
  DOI={10.1371/journal.pone.0257832},
  number={10},
  journal={PLOS ONE},
  author={Burger, Franziska and Neerincx, Mark A. and Brinkman, Willem-Paul},
  year={2021},
  pages={e0257832}}