@article{burger_2021,
  title={{Natural language processing for cognitive therapy: Extracting schemas from thought records}},
  volume={16},
  url={https://journals.plos.org/plosone/article?id=10.1371/journal.pone.0257832},
  DOI={10.1371/journal.pone.0257832},
  number={10},
  journal={PLOS ONE},
  author={Burger, Franziska and Neerincx, Mark A. and Brinkman, Willem-Paul},
  year={2021},
  pages={e0257832}
  }

@article{millings_2015,
  title={Core belief content examined in a large sample of patients using online cognitive behaviour therapy},
  author={Millings, Abigail and Carnelley, Katherine B},
  journal={Journal of Affective Disorders},
  volume={186},
  pages={275--283},
  year={2015},
  publisher={Elsevier}
}

@article{burger_2021_data,
  author={Burger, Franziska},
  publisher={4TU.ResearchData}, 
  title={Dataset and Analyses for Extracting Schemas from Thought Records using Natural Language Processing},
  year={2021},
  url={https://data.4tu.nl/articles/dataset/Dataset_and_Analyses_for_Extracting_Schemas_from_Thought_Records_using_Natural_Language_Processing/16685347},
  DOI={10.4121/16685347.v1}
}